%YAML 1.1
%TAG !u! tag:unity3d.com,2011:
--- !u!1 &4471269602607509620
GameObject:
  m_ObjectHideFlags: 0
  m_CorrespondingSourceObject: {fileID: 0}
  m_PrefabInstance: {fileID: 0}
  m_PrefabAsset: {fileID: 0}
  serializedVersion: 6
  m_Component:
  - component: {fileID: 4471269602607489676}
  - component: {fileID: 4471269602606676864}
  - component: {fileID: 4471269602605545716}
  m_Layer: 0
  m_Name: SM_Env_Grass_01 (2)
  m_TagString: Untagged
  m_Icon: {fileID: 0}
  m_NavMeshLayer: 0
  m_StaticEditorFlags: 0
  m_IsActive: 1
--- !u!4 &4471269602607489676
Transform:
  m_ObjectHideFlags: 0
  m_CorrespondingSourceObject: {fileID: 0}
  m_PrefabInstance: {fileID: 0}
  m_PrefabAsset: {fileID: 0}
  m_GameObject: {fileID: 4471269602607509620}
  m_LocalRotation: {x: -0, y: 0.9238796, z: -0, w: -0.38268325}
  m_LocalPosition: {x: 0, y: 0, z: 0}
  m_LocalScale: {x: 1, y: 1, z: 1}
  m_Children: []
  m_Father: {fileID: 4471269604567057404}
  m_RootOrder: 4
  m_LocalEulerAnglesHint: {x: 0, y: 225, z: 0}
--- !u!33 &4471269602606676864
MeshFilter:
  m_ObjectHideFlags: 0
  m_CorrespondingSourceObject: {fileID: 0}
  m_PrefabInstance: {fileID: 0}
  m_PrefabAsset: {fileID: 0}
  m_GameObject: {fileID: 4471269602607509620}
  m_Mesh: {fileID: 4300000, guid: aaca44a3eca756c419ccc26430c2a062, type: 3}
--- !u!23 &4471269602605545716
MeshRenderer:
  m_ObjectHideFlags: 0
  m_CorrespondingSourceObject: {fileID: 0}
  m_PrefabInstance: {fileID: 0}
  m_PrefabAsset: {fileID: 0}
  m_GameObject: {fileID: 4471269602607509620}
  m_Enabled: 1
  m_CastShadows: 1
  m_ReceiveShadows: 1
  m_DynamicOccludee: 1
  m_MotionVectors: 1
  m_LightProbeUsage: 1
  m_ReflectionProbeUsage: 1
  m_RayTracingMode: 2
  m_RenderingLayerMask: 1
  m_RendererPriority: 0
  m_Materials:
  - {fileID: 2100000, guid: ad614ebaa07aabe4ba62328c0ec0f5be, type: 2}
  m_StaticBatchInfo:
    firstSubMesh: 0
    subMeshCount: 0
  m_StaticBatchRoot: {fileID: 0}
  m_ProbeAnchor: {fileID: 0}
  m_LightProbeVolumeOverride: {fileID: 0}
  m_ScaleInLightmap: 1
  m_ReceiveGI: 1
  m_PreserveUVs: 0
  m_IgnoreNormalsForChartDetection: 0
  m_ImportantGI: 0
  m_StitchLightmapSeams: 1
  m_SelectedEditorRenderState: 3
  m_MinimumChartSize: 4
  m_AutoUVMaxDistance: 0.5
  m_AutoUVMaxAngle: 89
  m_LightmapParameters: {fileID: 0}
  m_SortingLayerID: 0
  m_SortingLayer: 0
  m_SortingOrder: 0
--- !u!1 &4471269602865091456
GameObject:
  m_ObjectHideFlags: 0
  m_CorrespondingSourceObject: {fileID: 0}
  m_PrefabInstance: {fileID: 0}
  m_PrefabAsset: {fileID: 0}
  serializedVersion: 6
  m_Component:
  - component: {fileID: 4471269602864677782}
  - component: {fileID: 4471269602868110764}
  - component: {fileID: 4471269602867050474}
  m_Layer: 0
  m_Name: SM_Env_Grass_02 (1)
  m_TagString: Untagged
  m_Icon: {fileID: 0}
  m_NavMeshLayer: 0
  m_StaticEditorFlags: 0
  m_IsActive: 1
--- !u!4 &4471269602864677782
Transform:
  m_ObjectHideFlags: 0
  m_CorrespondingSourceObject: {fileID: 0}
  m_PrefabInstance: {fileID: 0}
  m_PrefabAsset: {fileID: 0}
  m_GameObject: {fileID: 4471269602865091456}
  m_LocalRotation: {x: -0, y: 0.2588191, z: -0, w: 0.9659258}
  m_LocalPosition: {x: 0.1336, y: 0, z: -0.4186}
  m_LocalScale: {x: 1, y: 1, z: 1}
  m_Children: []
  m_Father: {fileID: 4471269604567057404}
  m_RootOrder: 5
  m_LocalEulerAnglesHint: {x: 0, y: 30, z: 0}
--- !u!33 &4471269602868110764
MeshFilter:
  m_ObjectHideFlags: 0
  m_CorrespondingSourceObject: {fileID: 0}
  m_PrefabInstance: {fileID: 0}
  m_PrefabAsset: {fileID: 0}
  m_GameObject: {fileID: 4471269602865091456}
  m_Mesh: {fileID: 4300000, guid: 394fb704230a43c48af2332e8659ae86, type: 3}
--- !u!23 &4471269602867050474
MeshRenderer:
  m_ObjectHideFlags: 0
  m_CorrespondingSourceObject: {fileID: 0}
  m_PrefabInstance: {fileID: 0}
  m_PrefabAsset: {fileID: 0}
  m_GameObject: {fileID: 4471269602865091456}
  m_Enabled: 1
  m_CastShadows: 1
  m_ReceiveShadows: 1
  m_DynamicOccludee: 1
  m_MotionVectors: 1
  m_LightProbeUsage: 1
  m_ReflectionProbeUsage: 1
  m_RayTracingMode: 2
  m_RenderingLayerMask: 1
  m_RendererPriority: 0
  m_Materials:
  - {fileID: 2100000, guid: ad614ebaa07aabe4ba62328c0ec0f5be, type: 2}
  m_StaticBatchInfo:
    firstSubMesh: 0
    subMeshCount: 0
  m_StaticBatchRoot: {fileID: 0}
  m_ProbeAnchor: {fileID: 0}
  m_LightProbeVolumeOverride: {fileID: 0}
  m_ScaleInLightmap: 1
  m_ReceiveGI: 1
  m_PreserveUVs: 0
  m_IgnoreNormalsForChartDetection: 0
  m_ImportantGI: 0
  m_StitchLightmapSeams: 1
  m_SelectedEditorRenderState: 3
  m_MinimumChartSize: 4
  m_AutoUVMaxDistance: 0.5
  m_AutoUVMaxAngle: 89
  m_LightmapParameters: {fileID: 0}
  m_SortingLayerID: 0
  m_SortingLayer: 0
  m_SortingOrder: 0
--- !u!1 &4471269603768893701
GameObject:
  m_ObjectHideFlags: 0
  m_CorrespondingSourceObject: {fileID: 0}
  m_PrefabInstance: {fileID: 0}
  m_PrefabAsset: {fileID: 0}
  serializedVersion: 6
  m_Component:
  - component: {fileID: 4471269603768750355}
  - component: {fileID: 4471269603767990057}
  - component: {fileID: 4471269603766920559}
  m_Layer: 0
  m_Name: SM_Env_Grass_02
  m_TagString: Untagged
  m_Icon: {fileID: 0}
  m_NavMeshLayer: 0
  m_StaticEditorFlags: 0
  m_IsActive: 1
--- !u!4 &4471269603768750355
Transform:
  m_ObjectHideFlags: 0
  m_CorrespondingSourceObject: {fileID: 0}
  m_PrefabInstance: {fileID: 0}
  m_PrefabAsset: {fileID: 0}
  m_GameObject: {fileID: 4471269603768893701}
  m_LocalRotation: {x: -0, y: 0.92387956, z: -0, w: 0.38268343}
  m_LocalPosition: {x: 0.5, y: 0, z: 0}
  m_LocalScale: {x: 1, y: 1, z: 1}
  m_Children: []
  m_Father: {fileID: 4471269604567057404}
  m_RootOrder: 1
  m_LocalEulerAnglesHint: {x: 0, y: 135, z: 0}
--- !u!33 &4471269603767990057
MeshFilter:
  m_ObjectHideFlags: 0
  m_CorrespondingSourceObject: {fileID: 0}
  m_PrefabInstance: {fileID: 0}
  m_PrefabAsset: {fileID: 0}
  m_GameObject: {fileID: 4471269603768893701}
  m_Mesh: {fileID: 4300000, guid: 394fb704230a43c48af2332e8659ae86, type: 3}
--- !u!23 &4471269603766920559
MeshRenderer:
  m_ObjectHideFlags: 0
  m_CorrespondingSourceObject: {fileID: 0}
  m_PrefabInstance: {fileID: 0}
  m_PrefabAsset: {fileID: 0}
  m_GameObject: {fileID: 4471269603768893701}
  m_Enabled: 1
  m_CastShadows: 1
  m_ReceiveShadows: 1
  m_DynamicOccludee: 1
  m_MotionVectors: 1
  m_LightProbeUsage: 1
  m_ReflectionProbeUsage: 1
  m_RayTracingMode: 2
  m_RenderingLayerMask: 1
  m_RendererPriority: 0
  m_Materials:
  - {fileID: 2100000, guid: ad614ebaa07aabe4ba62328c0ec0f5be, type: 2}
  m_StaticBatchInfo:
    firstSubMesh: 0
    subMeshCount: 0
  m_StaticBatchRoot: {fileID: 0}
  m_ProbeAnchor: {fileID: 0}
  m_LightProbeVolumeOverride: {fileID: 0}
  m_ScaleInLightmap: 1
  m_ReceiveGI: 1
  m_PreserveUVs: 0
  m_IgnoreNormalsForChartDetection: 0
  m_ImportantGI: 0
  m_StitchLightmapSeams: 1
  m_SelectedEditorRenderState: 3
  m_MinimumChartSize: 4
  m_AutoUVMaxDistance: 0.5
  m_AutoUVMaxAngle: 89
  m_LightmapParameters: {fileID: 0}
  m_SortingLayerID: 0
  m_SortingLayer: 0
  m_SortingOrder: 0
--- !u!1 &4471269603972008218
GameObject:
  m_ObjectHideFlags: 0
  m_CorrespondingSourceObject: {fileID: 0}
  m_PrefabInstance: {fileID: 0}
  m_PrefabAsset: {fileID: 0}
  serializedVersion: 6
  m_Component:
  - component: {fileID: 4471269603972422626}
  - component: {fileID: 4471269603975332590}
  - component: {fileID: 4471269603974234522}
  m_Layer: 0
  m_Name: SM_Env_Grass_01 (1)
  m_TagString: Untagged
  m_Icon: {fileID: 0}
  m_NavMeshLayer: 0
  m_StaticEditorFlags: 0
  m_IsActive: 1
--- !u!4 &4471269603972422626
Transform:
  m_ObjectHideFlags: 0
  m_CorrespondingSourceObject: {fileID: 0}
  m_PrefabInstance: {fileID: 0}
  m_PrefabAsset: {fileID: 0}
  m_GameObject: {fileID: 4471269603972008218}
  m_LocalRotation: {x: -0, y: -0, z: -0, w: 1}
  m_LocalPosition: {x: -0.01, y: 0, z: 0.296}
  m_LocalScale: {x: 1, y: 1, z: 1}
  m_Children: []
  m_Father: {fileID: 4471269604567057404}
  m_RootOrder: 3
  m_LocalEulerAnglesHint: {x: 0, y: 0, z: 0}
--- !u!33 &4471269603975332590
MeshFilter:
  m_ObjectHideFlags: 0
  m_CorrespondingSourceObject: {fileID: 0}
  m_PrefabInstance: {fileID: 0}
  m_PrefabAsset: {fileID: 0}
  m_GameObject: {fileID: 4471269603972008218}
  m_Mesh: {fileID: 4300000, guid: aaca44a3eca756c419ccc26430c2a062, type: 3}
--- !u!23 &4471269603974234522
MeshRenderer:
  m_ObjectHideFlags: 0
  m_CorrespondingSourceObject: {fileID: 0}
  m_PrefabInstance: {fileID: 0}
  m_PrefabAsset: {fileID: 0}
  m_GameObject: {fileID: 4471269603972008218}
  m_Enabled: 1
  m_CastShadows: 1
  m_ReceiveShadows: 1
  m_DynamicOccludee: 1
  m_MotionVectors: 1
  m_LightProbeUsage: 1
  m_ReflectionProbeUsage: 1
  m_RayTracingMode: 2
  m_RenderingLayerMask: 1
  m_RendererPriority: 0
  m_Materials:
  - {fileID: 2100000, guid: ad614ebaa07aabe4ba62328c0ec0f5be, type: 2}
  m_StaticBatchInfo:
    firstSubMesh: 0
    subMeshCount: 0
  m_StaticBatchRoot: {fileID: 0}
  m_ProbeAnchor: {fileID: 0}
  m_LightProbeVolumeOverride: {fileID: 0}
  m_ScaleInLightmap: 1
  m_ReceiveGI: 1
  m_PreserveUVs: 0
  m_IgnoreNormalsForChartDetection: 0
  m_ImportantGI: 0
  m_StitchLightmapSeams: 1
  m_SelectedEditorRenderState: 3
  m_MinimumChartSize: 4
  m_AutoUVMaxDistance: 0.5
  m_AutoUVMaxAngle: 89
  m_LightmapParameters: {fileID: 0}
  m_SortingLayerID: 0
  m_SortingLayer: 0
  m_SortingOrder: 0
--- !u!1 &4471269604472521481
GameObject:
  m_ObjectHideFlags: 0
  m_CorrespondingSourceObject: {fileID: 0}
  m_PrefabInstance: {fileID: 0}
  m_PrefabAsset: {fileID: 0}
  serializedVersion: 6
  m_Component:
  - component: {fileID: 4471269604472246769}
  - component: {fileID: 4471269604473522429}
  - component: {fileID: 4471269604474489737}
  m_Layer: 0
  m_Name: SM_Env_Grass_01
  m_TagString: Untagged
  m_Icon: {fileID: 0}
  m_NavMeshLayer: 0
  m_StaticEditorFlags: 0
  m_IsActive: 1
--- !u!4 &4471269604472246769
Transform:
  m_ObjectHideFlags: 0
  m_CorrespondingSourceObject: {fileID: 0}
  m_PrefabInstance: {fileID: 0}
  m_PrefabAsset: {fileID: 0}
  m_GameObject: {fileID: 4471269604472521481}
  m_LocalRotation: {x: -0, y: -0, z: -0, w: 1}
  m_LocalPosition: {x: 0.339, y: 0, z: 0.471}
  m_LocalScale: {x: 1, y: 1, z: 1}
  m_Children: []
  m_Father: {fileID: 4471269604567057404}
  m_RootOrder: 2
  m_LocalEulerAnglesHint: {x: 0, y: 0, z: 0}
--- !u!33 &4471269604473522429
MeshFilter:
  m_ObjectHideFlags: 0
  m_CorrespondingSourceObject: {fileID: 0}
  m_PrefabInstance: {fileID: 0}
  m_PrefabAsset: {fileID: 0}
  m_GameObject: {fileID: 4471269604472521481}
  m_Mesh: {fileID: 4300000, guid: aaca44a3eca756c419ccc26430c2a062, type: 3}
--- !u!23 &4471269604474489737
MeshRenderer:
  m_ObjectHideFlags: 0
  m_CorrespondingSourceObject: {fileID: 0}
  m_PrefabInstance: {fileID: 0}
  m_PrefabAsset: {fileID: 0}
  m_GameObject: {fileID: 4471269604472521481}
  m_Enabled: 1
  m_CastShadows: 1
  m_ReceiveShadows: 1
  m_DynamicOccludee: 1
  m_MotionVectors: 1
  m_LightProbeUsage: 1
  m_ReflectionProbeUsage: 1
  m_RayTracingMode: 2
  m_RenderingLayerMask: 1
  m_RendererPriority: 0
  m_Materials:
  - {fileID: 2100000, guid: ad614ebaa07aabe4ba62328c0ec0f5be, type: 2}
  m_StaticBatchInfo:
    firstSubMesh: 0
    subMeshCount: 0
  m_StaticBatchRoot: {fileID: 0}
  m_ProbeAnchor: {fileID: 0}
  m_LightProbeVolumeOverride: {fileID: 0}
  m_ScaleInLightmap: 1
  m_ReceiveGI: 1
  m_PreserveUVs: 0
  m_IgnoreNormalsForChartDetection: 0
  m_ImportantGI: 0
  m_StitchLightmapSeams: 1
  m_SelectedEditorRenderState: 3
  m_MinimumChartSize: 4
  m_AutoUVMaxDistance: 0.5
  m_AutoUVMaxAngle: 89
  m_LightmapParameters: {fileID: 0}
  m_SortingLayerID: 0
  m_SortingLayer: 0
  m_SortingOrder: 0
--- !u!1 &4471269604567057405
GameObject:
  m_ObjectHideFlags: 0
  m_CorrespondingSourceObject: {fileID: 0}
  m_PrefabInstance: {fileID: 0}
  m_PrefabAsset: {fileID: 0}
  serializedVersion: 6
  m_Component:
  - component: {fileID: 4471269604567057404}
  m_Layer: 0
  m_Name: GrassGroup2
  m_TagString: Untagged
  m_Icon: {fileID: 0}
  m_NavMeshLayer: 0
  m_StaticEditorFlags: 0
  m_IsActive: 1
--- !u!4 &4471269604567057404
Transform:
  m_ObjectHideFlags: 0
  m_CorrespondingSourceObject: {fileID: 0}
  m_PrefabInstance: {fileID: 0}
  m_PrefabAsset: {fileID: 0}
  m_GameObject: {fileID: 4471269604567057405}
  m_LocalRotation: {x: 0, y: 0.38268343, z: 0, w: 0.92387956}
  m_LocalPosition: {x: -3.23, y: 0, z: -70.39}
  m_LocalScale: {x: 1, y: 1, z: 1}
  m_Children:
  - {fileID: 6531262979783076321}
  - {fileID: 4471269603768750355}
  - {fileID: 4471269604472246769}
  - {fileID: 4471269603972422626}
  - {fileID: 4471269602607489676}
  - {fileID: 4471269602864677782}
  - {fileID: 5519489257766573246}
  - {fileID: 4722422578258819689}
  m_Father: {fileID: 0}
  m_RootOrder: 0
  m_LocalEulerAnglesHint: {x: 0, y: 45, z: 0}
--- !u!1001 &4722422578258457185
PrefabInstance:
  m_ObjectHideFlags: 0
  serializedVersion: 2
  m_Modification:
    m_TransformParent: {fileID: 4471269604567057404}
    m_Modifications:
    - target: {fileID: 142994, guid: d6389bfdb7e456640b3a45339aac60a4, type: 3}
      propertyPath: m_Name
      value: SM_Env_Flower_01 (2)
      objectReference: {fileID: 0}
    - target: {fileID: 493576, guid: d6389bfdb7e456640b3a45339aac60a4, type: 3}
      propertyPath: m_LocalPosition.x
      value: 0.406
      objectReference: {fileID: 0}
    - target: {fileID: 493576, guid: d6389bfdb7e456640b3a45339aac60a4, type: 3}
      propertyPath: m_LocalPosition.y
      value: 0
      objectReference: {fileID: 0}
    - target: {fileID: 493576, guid: d6389bfdb7e456640b3a45339aac60a4, type: 3}
      propertyPath: m_LocalPosition.z
      value: -0.476
      objectReference: {fileID: 0}
    - target: {fileID: 493576, guid: d6389bfdb7e456640b3a45339aac60a4, type: 3}
      propertyPath: m_LocalRotation.x
      value: 0
      objectReference: {fileID: 0}
    - target: {fileID: 493576, guid: d6389bfdb7e456640b3a45339aac60a4, type: 3}
      propertyPath: m_LocalRotation.y
      value: 0
      objectReference: {fileID: 0}
    - target: {fileID: 493576, guid: d6389bfdb7e456640b3a45339aac60a4, type: 3}
      propertyPath: m_LocalRotation.z
      value: 0
      objectReference: {fileID: 0}
    - target: {fileID: 493576, guid: d6389bfdb7e456640b3a45339aac60a4, type: 3}
      propertyPath: m_LocalRotation.w
      value: 1
      objectReference: {fileID: 0}
    - target: {fileID: 493576, guid: d6389bfdb7e456640b3a45339aac60a4, type: 3}
      propertyPath: m_RootOrder
      value: 7
      objectReference: {fileID: 0}
    - target: {fileID: 493576, guid: d6389bfdb7e456640b3a45339aac60a4, type: 3}
      propertyPath: m_LocalEulerAnglesHint.x
      value: 0
      objectReference: {fileID: 0}
    - target: {fileID: 493576, guid: d6389bfdb7e456640b3a45339aac60a4, type: 3}
      propertyPath: m_LocalEulerAnglesHint.y
      value: 0
      objectReference: {fileID: 0}
    - target: {fileID: 493576, guid: d6389bfdb7e456640b3a45339aac60a4, type: 3}
      propertyPath: m_LocalEulerAnglesHint.z
      value: 0
      objectReference: {fileID: 0}
    - target: {fileID: 2377884, guid: d6389bfdb7e456640b3a45339aac60a4, type: 3}
      propertyPath: m_Materials.Array.data[0]
      value: 
      objectReference: {fileID: 2100000, guid: ad614ebaa07aabe4ba62328c0ec0f5be, type: 2}
    m_RemovedComponents: []
  m_SourcePrefab: {fileID: 100100000, guid: d6389bfdb7e456640b3a45339aac60a4, type: 3}
--- !u!4 &4722422578258819689 stripped
Transform:
  m_CorrespondingSourceObject: {fileID: 493576, guid: d6389bfdb7e456640b3a45339aac60a4,
    type: 3}
  m_PrefabInstance: {fileID: 4722422578258457185}
  m_PrefabAsset: {fileID: 0}
--- !u!1001 &5519489257766739126
PrefabInstance:
  m_ObjectHideFlags: 0
  serializedVersion: 2
  m_Modification:
    m_TransformParent: {fileID: 4471269604567057404}
    m_Modifications:
    - target: {fileID: 142994, guid: d6389bfdb7e456640b3a45339aac60a4, type: 3}
      propertyPath: m_Name
      value: SM_Env_Flower_01 (1)
      objectReference: {fileID: 0}
    - target: {fileID: 493576, guid: d6389bfdb7e456640b3a45339aac60a4, type: 3}
      propertyPath: m_LocalPosition.x
      value: -0.256
      objectReference: {fileID: 0}
    - target: {fileID: 493576, guid: d6389bfdb7e456640b3a45339aac60a4, type: 3}
      propertyPath: m_LocalPosition.y
      value: 0
      objectReference: {fileID: 0}
    - target: {fileID: 493576, guid: d6389bfdb7e456640b3a45339aac60a4, type: 3}
      propertyPath: m_LocalPosition.z
      value: 0.053
      objectReference: {fileID: 0}
    - target: {fileID: 493576, guid: d6389bfdb7e456640b3a45339aac60a4, type: 3}
      propertyPath: m_LocalRotation.x
      value: 0
      objectReference: {fileID: 0}
    - target: {fileID: 493576, guid: d6389bfdb7e456640b3a45339aac60a4, type: 3}
      propertyPath: m_LocalRotation.y
      value: 0
      objectReference: {fileID: 0}
    - target: {fileID: 493576, guid: d6389bfdb7e456640b3a45339aac60a4, type: 3}
      propertyPath: m_LocalRotation.z
      value: 0
      objectReference: {fileID: 0}
    - target: {fileID: 493576, guid: d6389bfdb7e456640b3a45339aac60a4, type: 3}
      propertyPath: m_LocalRotation.w
      value: 1
      objectReference: {fileID: 0}
    - target: {fileID: 493576, guid: d6389bfdb7e456640b3a45339aac60a4, type: 3}
      propertyPath: m_RootOrder
      value: 6
      objectReference: {fileID: 0}
    - target: {fileID: 493576, guid: d6389bfdb7e456640b3a45339aac60a4, type: 3}
      propertyPath: m_LocalEulerAnglesHint.x
      value: 0
      objectReference: {fileID: 0}
    - target: {fileID: 493576, guid: d6389bfdb7e456640b3a45339aac60a4, type: 3}
      propertyPath: m_LocalEulerAnglesHint.y
      value: 0
      objectReference: {fileID: 0}
    - target: {fileID: 493576, guid: d6389bfdb7e456640b3a45339aac60a4, type: 3}
      propertyPath: m_LocalEulerAnglesHint.z
      value: 0
      objectReference: {fileID: 0}
    - target: {fileID: 2377884, guid: d6389bfdb7e456640b3a45339aac60a4, type: 3}
      propertyPath: m_Materials.Array.data[0]
      value: 
      objectReference: {fileID: 2100000, guid: ad614ebaa07aabe4ba62328c0ec0f5be, type: 2}
    m_RemovedComponents: []
  m_SourcePrefab: {fileID: 100100000, guid: d6389bfdb7e456640b3a45339aac60a4, type: 3}
--- !u!4 &5519489257766573246 stripped
Transform:
  m_CorrespondingSourceObject: {fileID: 493576, guid: d6389bfdb7e456640b3a45339aac60a4,
    type: 3}
  m_PrefabInstance: {fileID: 5519489257766739126}
  m_PrefabAsset: {fileID: 0}
--- !u!1001 &6531262979783434729
PrefabInstance:
  m_ObjectHideFlags: 0
  serializedVersion: 2
  m_Modification:
    m_TransformParent: {fileID: 4471269604567057404}
    m_Modifications:
    - target: {fileID: 142994, guid: d6389bfdb7e456640b3a45339aac60a4, type: 3}
      propertyPath: m_Name
      value: SM_Env_Flower_01
      objectReference: {fileID: 0}
    - target: {fileID: 493576, guid: d6389bfdb7e456640b3a45339aac60a4, type: 3}
      propertyPath: m_LocalPosition.x
      value: 0.309
      objectReference: {fileID: 0}
    - target: {fileID: 493576, guid: d6389bfdb7e456640b3a45339aac60a4, type: 3}
      propertyPath: m_LocalPosition.y
      value: 0
      objectReference: {fileID: 0}
    - target: {fileID: 493576, guid: d6389bfdb7e456640b3a45339aac60a4, type: 3}
      propertyPath: m_LocalPosition.z
      value: 0.07
      objectReference: {fileID: 0}
    - target: {fileID: 493576, guid: d6389bfdb7e456640b3a45339aac60a4, type: 3}
      propertyPath: m_LocalRotation.x
      value: 0
      objectReference: {fileID: 0}
    - target: {fileID: 493576, guid: d6389bfdb7e456640b3a45339aac60a4, type: 3}
      propertyPath: m_LocalRotation.y
      value: 0
      objectReference: {fileID: 0}
    - target: {fileID: 493576, guid: d6389bfdb7e456640b3a45339aac60a4, type: 3}
      propertyPath: m_LocalRotation.z
      value: 0
      objectReference: {fileID: 0}
    - target: {fileID: 493576, guid: d6389bfdb7e456640b3a45339aac60a4, type: 3}
      propertyPath: m_LocalRotation.w
      value: 1
      objectReference: {fileID: 0}
    - target: {fileID: 493576, guid: d6389bfdb7e456640b3a45339aac60a4, type: 3}
      propertyPath: m_RootOrder
      value: 0
      objectReference: {fileID: 0}
    - target: {fileID: 493576, guid: d6389bfdb7e456640b3a45339aac60a4, type: 3}
      propertyPath: m_LocalEulerAnglesHint.x
      value: 0
      objectReference: {fileID: 0}
    - target: {fileID: 493576, guid: d6389bfdb7e456640b3a45339aac60a4, type: 3}
      propertyPath: m_LocalEulerAnglesHint.y
      value: 0
      objectReference: {fileID: 0}
    - target: {fileID: 493576, guid: d6389bfdb7e456640b3a45339aac60a4, type: 3}
      propertyPath: m_LocalEulerAnglesHint.z
      value: 0
      objectReference: {fileID: 0}
    - target: {fileID: 2377884, guid: d6389bfdb7e456640b3a45339aac60a4, type: 3}
      propertyPath: m_Materials.Array.data[0]
      value: 
      objectReference: {fileID: 2100000, guid: ad614ebaa07aabe4ba62328c0ec0f5be, type: 2}
    m_RemovedComponents: []
  m_SourcePrefab: {fileID: 100100000, guid: d6389bfdb7e456640b3a45339aac60a4, type: 3}
--- !u!4 &6531262979783076321 stripped
Transform:
  m_CorrespondingSourceObject: {fileID: 493576, guid: d6389bfdb7e456640b3a45339aac60a4,
    type: 3}
  m_PrefabInstance: {fileID: 6531262979783434729}
  m_PrefabAsset: {fileID: 0}
