%YAML 1.1
%TAG !u! tag:unity3d.com,2011:
--- !u!1 &3783784710057209752
GameObject:
  m_ObjectHideFlags: 0
  m_CorrespondingSourceObject: {fileID: 0}
  m_PrefabInstance: {fileID: 0}
  m_PrefabAsset: {fileID: 0}
  serializedVersion: 6
  m_Component:
  - component: {fileID: 3783784710057209759}
  - component: {fileID: 2816180367941353962}
  - component: {fileID: 5619377802798461825}
  m_Layer: 0
  m_Name: Background - GameOver
  m_TagString: Untagged
  m_Icon: {fileID: 0}
  m_NavMeshLayer: 0
  m_StaticEditorFlags: 0
  m_IsActive: 1
--- !u!4 &3783784710057209759
Transform:
  m_ObjectHideFlags: 0
  m_CorrespondingSourceObject: {fileID: 0}
  m_PrefabInstance: {fileID: 0}
  m_PrefabAsset: {fileID: 0}
  m_GameObject: {fileID: 3783784710057209752}
  m_LocalRotation: {x: 0, y: 0, z: 0, w: 1}
  m_LocalPosition: {x: 0, y: 0, z: 2}
  m_LocalScale: {x: 2, y: 2, z: 2}
  m_Children:
  - {fileID: 5514257504255755482}
  - {fileID: 4218431150035360332}
  m_Father: {fileID: 0}
  m_RootOrder: 0
  m_LocalEulerAnglesHint: {x: 0, y: 0, z: 0}
--- !u!212 &2816180367941353962
SpriteRenderer:
  m_ObjectHideFlags: 0
  m_CorrespondingSourceObject: {fileID: 0}
  m_PrefabInstance: {fileID: 0}
  m_PrefabAsset: {fileID: 0}
  m_GameObject: {fileID: 3783784710057209752}
  m_Enabled: 1
  m_CastShadows: 0
  m_ReceiveShadows: 0
  m_DynamicOccludee: 1
  m_MotionVectors: 1
  m_LightProbeUsage: 1
  m_ReflectionProbeUsage: 1
  m_RenderingLayerMask: 1
  m_RendererPriority: 0
  m_Materials:
  - {fileID: 10754, guid: 0000000000000000f000000000000000, type: 0}
  m_StaticBatchInfo:
    firstSubMesh: 0
    subMeshCount: 0
  m_StaticBatchRoot: {fileID: 0}
  m_ProbeAnchor: {fileID: 0}
  m_LightProbeVolumeOverride: {fileID: 0}
  m_ScaleInLightmap: 1
  m_ReceiveGI: 1
  m_PreserveUVs: 0
  m_IgnoreNormalsForChartDetection: 0
  m_ImportantGI: 0
  m_StitchLightmapSeams: 1
  m_SelectedEditorRenderState: 0
  m_MinimumChartSize: 4
  m_AutoUVMaxDistance: 0.5
  m_AutoUVMaxAngle: 89
  m_LightmapParameters: {fileID: 0}
  m_SortingLayerID: 795939639
  m_SortingLayer: 2
  m_SortingOrder: 0
  m_Sprite: {fileID: 21300000, guid: 9c5994c9cecb34f3090bb59535d5a5ae, type: 3}
  m_Color: {r: 1, g: 1, b: 1, a: 0}
  m_FlipX: 0
  m_FlipY: 0
  m_DrawMode: 0
  m_Size: {x: 1, y: 1}
  m_AdaptiveModeThreshold: 0.5
  m_SpriteTileMode: 0
  m_WasSpriteAssigned: 1
  m_MaskInteraction: 0
  m_SpriteSortPoint: 0
--- !u!95 &5619377802798461825
Animator:
  serializedVersion: 3
  m_ObjectHideFlags: 0
  m_CorrespondingSourceObject: {fileID: 0}
  m_PrefabInstance: {fileID: 0}
  m_PrefabAsset: {fileID: 0}
  m_GameObject: {fileID: 3783784710057209752}
  m_Enabled: 1
  m_Avatar: {fileID: 0}
  m_Controller: {fileID: 9100000, guid: 778283e396e964626bc41cf3b56dcb51, type: 2}
  m_CullingMode: 0
  m_UpdateMode: 0
  m_ApplyRootMotion: 0
  m_LinearVelocityBlending: 0
  m_WarningMessage: 
  m_HasTransformHierarchy: 1
  m_AllowConstantClipSamplingOptimization: 1
  m_KeepAnimatorControllerStateOnDisable: 0
--- !u!1001 &3605517122806363157
PrefabInstance:
  m_ObjectHideFlags: 0
  serializedVersion: 2
  m_Modification:
    m_TransformParent: {fileID: 3783784710057209759}
    m_Modifications:
    - target: {fileID: 613543429996736090, guid: d29805e2d46874e2da5e331764419caf,
        type: 3}
      propertyPath: m_Name
      value: PS - CoinBonus
      objectReference: {fileID: 0}
    - target: {fileID: 613543429996736089, guid: d29805e2d46874e2da5e331764419caf,
        type: 3}
      propertyPath: m_LocalPosition.x
      value: -0
      objectReference: {fileID: 0}
    - target: {fileID: 613543429996736089, guid: d29805e2d46874e2da5e331764419caf,
        type: 3}
      propertyPath: m_LocalPosition.y
      value: 4
      objectReference: {fileID: 0}
    - target: {fileID: 613543429996736089, guid: d29805e2d46874e2da5e331764419caf,
        type: 3}
      propertyPath: m_LocalPosition.z
      value: 1
      objectReference: {fileID: 0}
    - target: {fileID: 613543429996736089, guid: d29805e2d46874e2da5e331764419caf,
        type: 3}
      propertyPath: m_LocalRotation.x
      value: 0
      objectReference: {fileID: 0}
    - target: {fileID: 613543429996736089, guid: d29805e2d46874e2da5e331764419caf,
        type: 3}
      propertyPath: m_LocalRotation.y
      value: 0
      objectReference: {fileID: 0}
    - target: {fileID: 613543429996736089, guid: d29805e2d46874e2da5e331764419caf,
        type: 3}
      propertyPath: m_LocalRotation.z
      value: 0
      objectReference: {fileID: 0}
    - target: {fileID: 613543429996736089, guid: d29805e2d46874e2da5e331764419caf,
        type: 3}
      propertyPath: m_LocalRotation.w
      value: 1
      objectReference: {fileID: 0}
    - target: {fileID: 613543429996736089, guid: d29805e2d46874e2da5e331764419caf,
        type: 3}
      propertyPath: m_RootOrder
      value: 1
      objectReference: {fileID: 0}
    - target: {fileID: 613543429996736089, guid: d29805e2d46874e2da5e331764419caf,
        type: 3}
      propertyPath: m_LocalEulerAnglesHint.x
      value: -90
      objectReference: {fileID: 0}
    - target: {fileID: 613543429996736089, guid: d29805e2d46874e2da5e331764419caf,
        type: 3}
      propertyPath: m_LocalEulerAnglesHint.y
      value: 0
      objectReference: {fileID: 0}
    - target: {fileID: 613543429996736089, guid: d29805e2d46874e2da5e331764419caf,
        type: 3}
      propertyPath: m_LocalEulerAnglesHint.z
      value: 0
      objectReference: {fileID: 0}
    - target: {fileID: 613543429996736088, guid: d29805e2d46874e2da5e331764419caf,
        type: 3}
      propertyPath: m_SortingOrder
      value: 4
      objectReference: {fileID: 0}
    m_RemovedComponents: []
  m_SourcePrefab: {fileID: 100100000, guid: d29805e2d46874e2da5e331764419caf, type: 3}
--- !u!4 &4218431150035360332 stripped
Transform:
  m_CorrespondingSourceObject: {fileID: 613543429996736089, guid: d29805e2d46874e2da5e331764419caf,
    type: 3}
  m_PrefabInstance: {fileID: 3605517122806363157}
  m_PrefabAsset: {fileID: 0}
--- !u!1001 &3783784708680031737
PrefabInstance:
  m_ObjectHideFlags: 0
  serializedVersion: 2
  m_Modification:
    m_TransformParent: {fileID: 3783784710057209759}
    m_Modifications:
    - target: {fileID: 8648081022491023648, guid: bc5f34b116a7e4dfda9b71591ff34698,
        type: 3}
      propertyPath: m_Name
      value: PS - PaperFall
      objectReference: {fileID: 0}
    - target: {fileID: 8648081022491023651, guid: bc5f34b116a7e4dfda9b71591ff34698,
        type: 3}
      propertyPath: m_LocalPosition.x
      value: -0
      objectReference: {fileID: 0}
    - target: {fileID: 8648081022491023651, guid: bc5f34b116a7e4dfda9b71591ff34698,
        type: 3}
      propertyPath: m_LocalPosition.y
      value: 4
      objectReference: {fileID: 0}
    - target: {fileID: 8648081022491023651, guid: bc5f34b116a7e4dfda9b71591ff34698,
        type: 3}
      propertyPath: m_LocalPosition.z
      value: 1
      objectReference: {fileID: 0}
    - target: {fileID: 8648081022491023651, guid: bc5f34b116a7e4dfda9b71591ff34698,
        type: 3}
      propertyPath: m_LocalRotation.x
      value: 0
      objectReference: {fileID: 0}
    - target: {fileID: 8648081022491023651, guid: bc5f34b116a7e4dfda9b71591ff34698,
        type: 3}
      propertyPath: m_LocalRotation.y
      value: 0
      objectReference: {fileID: 0}
    - target: {fileID: 8648081022491023651, guid: bc5f34b116a7e4dfda9b71591ff34698,
        type: 3}
      propertyPath: m_LocalRotation.z
      value: 0
      objectReference: {fileID: 0}
    - target: {fileID: 8648081022491023651, guid: bc5f34b116a7e4dfda9b71591ff34698,
        type: 3}
      propertyPath: m_LocalRotation.w
      value: 1
      objectReference: {fileID: 0}
    - target: {fileID: 8648081022491023651, guid: bc5f34b116a7e4dfda9b71591ff34698,
        type: 3}
      propertyPath: m_RootOrder
      value: 0
      objectReference: {fileID: 0}
    - target: {fileID: 8648081022491023651, guid: bc5f34b116a7e4dfda9b71591ff34698,
        type: 3}
      propertyPath: m_LocalEulerAnglesHint.x
      value: -90
      objectReference: {fileID: 0}
    - target: {fileID: 8648081022491023651, guid: bc5f34b116a7e4dfda9b71591ff34698,
        type: 3}
      propertyPath: m_LocalEulerAnglesHint.y
      value: 0
      objectReference: {fileID: 0}
    - target: {fileID: 8648081022491023651, guid: bc5f34b116a7e4dfda9b71591ff34698,
        type: 3}
      propertyPath: m_LocalEulerAnglesHint.z
      value: 0
      objectReference: {fileID: 0}
    - target: {fileID: 8648081022491023645, guid: bc5f34b116a7e4dfda9b71591ff34698,
        type: 3}
      propertyPath: InitialModule.startSize.minScalar
      value: 0.05
      objectReference: {fileID: 0}
    - target: {fileID: 8648081022491023645, guid: bc5f34b116a7e4dfda9b71591ff34698,
        type: 3}
      propertyPath: InitialModule.startSize.scalar
      value: 0.1
      objectReference: {fileID: 0}
    - target: {fileID: 8648081022491023645, guid: bc5f34b116a7e4dfda9b71591ff34698,
        type: 3}
      propertyPath: InitialModule.startLifetime.minScalar
      value: 3
      objectReference: {fileID: 0}
    - target: {fileID: 8648081022491023645, guid: bc5f34b116a7e4dfda9b71591ff34698,
        type: 3}
      propertyPath: InitialModule.startLifetime.scalar
      value: 5
      objectReference: {fileID: 0}
    - target: {fileID: 8648081022491023645, guid: bc5f34b116a7e4dfda9b71591ff34698,
        type: 3}
      propertyPath: ShapeModule.m_Scale.x
      value: 4
      objectReference: {fileID: 0}
    - target: {fileID: 8648081022491023645, guid: bc5f34b116a7e4dfda9b71591ff34698,
        type: 3}
      propertyPath: looping
      value: 0
      objectReference: {fileID: 0}
    - target: {fileID: 8648081022491023650, guid: bc5f34b116a7e4dfda9b71591ff34698,
        type: 3}
      propertyPath: m_SortingLayerID
      value: 795939639
      objectReference: {fileID: 0}
    - target: {fileID: 8648081022491023650, guid: bc5f34b116a7e4dfda9b71591ff34698,
        type: 3}
      propertyPath: m_SortingLayer
      value: 2
      objectReference: {fileID: 0}
    - target: {fileID: 8648081022491023650, guid: bc5f34b116a7e4dfda9b71591ff34698,
        type: 3}
      propertyPath: m_SortingOrder
      value: 2
      objectReference: {fileID: 0}
    m_RemovedComponents: []
  m_SourcePrefab: {fileID: 100100000, guid: bc5f34b116a7e4dfda9b71591ff34698, type: 3}
--- !u!4 &5514257504255755482 stripped
Transform:
  m_CorrespondingSourceObject: {fileID: 8648081022491023651, guid: bc5f34b116a7e4dfda9b71591ff34698,
    type: 3}
  m_PrefabInstance: {fileID: 3783784708680031737}
  m_PrefabAsset: {fileID: 0}
